<record xmlns='http://www.loc.gov/MARC21/slim'><leader>02485cam a2200385 i 4500</leader><controlfield tag='001'>8680859</controlfield><controlfield tag='005'>20221101132251.0</controlfield><controlfield tag='008'>220715t20222022acac     b   f001 0 eng d</controlfield><datafield ind1='1' ind2=' ' tag='019'><subfield code='a'>72168412</subfield></datafield><datafield ind1=' ' ind2=' ' tag='020'><subfield code='a'>9781922507372</subfield></datafield><datafield ind1=' ' ind2=' ' tag='020'><subfield code='a'>1922507377</subfield></datafield><datafield ind1=' ' ind2=' ' tag='035'><subfield code='a'>(OCoLC)1341880802</subfield></datafield><datafield ind1=' ' ind2=' ' tag='037'><subfield code='a'>NLApp101789</subfield><subfield code='b'>Australian Prepublication Data Service</subfield></datafield><datafield ind1=' ' ind2=' ' tag='040'><subfield code='a'>AU@</subfield><subfield code='b'>eng</subfield><subfield code='c'>AU@</subfield><subfield code='e'>rda</subfield><subfield code='d'>ANL</subfield></datafield><datafield ind1=' ' ind2=' ' tag='042'><subfield code='a'>anuc</subfield></datafield><datafield ind1=' ' ind2=' ' tag='043'><subfield code='a'>u-at---</subfield></datafield><datafield ind1='1' ind2=' ' tag='100'><subfield code='a'>Clarke, Patricia,</subfield><subfield code='e'>author.</subfield></datafield><datafield ind1='1' ind2='0' tag='245'><subfield code='a'>Bold types :</subfield><subfield code='b'>how Australia&apos;s first women journalists blazed a trail /</subfield><subfield code='c'>Patricia Clarke.</subfield></datafield><datafield ind1=' ' ind2='1' tag='264'><subfield code='a'>Canberra, ACT :</subfield><subfield code='b'>NLA Publishing,</subfield><subfield code='c'>[2022]</subfield></datafield><datafield ind1=' ' ind2='4' tag='264'><subfield code='c'>©2022</subfield></datafield><datafield ind1=' ' ind2=' ' tag='300'><subfield code='a'>xv, 256 pages :</subfield><subfield code='b'>portraits ;</subfield><subfield code='c'>24 cm</subfield></datafield><datafield ind1=' ' ind2=' ' tag='336'><subfield code='a'>text</subfield><subfield code='b'>txt</subfield><subfield code='2'>rdacontent</subfield></datafield><datafield ind1=' ' ind2=' ' tag='337'><subfield code='a'>unmediated</subfield><subfield code='2'>rdamedia</subfield></datafield><datafield ind1=' ' ind2=' ' tag='338'><subfield code='a'>volume</subfield><subfield code='2'>rdacarrier</subfield></datafield><datafield ind1=' ' ind2=' ' tag='504'><subfield code='a'>Includes bibliographical references (pages 247-253) and index.</subfield></datafield><datafield ind1=' ' ind2=' ' tag='520'><subfield code='a'>In Bold Types, Patricia Clarke recounts the high points and the failures of the chequered journey of women journalists in the fight for gender equality from 1860 to the end of World War II through the stories of independent, adventurous women journalists who ventured far and wide in search of news, relevance and equality. Together, stories of women from Anna Blackwell and Flora Shaw to Janet Mitchell and Caroline Isaacson, illustrate the gains and setbacks of women journalists over nearly a century. In each successive story, the tenacious determination of these women stands clear against the background of the prevailing patriarchy. Amy Remeikis, political reporter at Guardian Australia, introduces the book with a reflection on the struggles and achievements ofher early counterparts as well as the current working environment for women journalists. Patricia Clarke was a trailblazer herself as the only woman on the Melbourne staff at the Australian News and Information Bureau in the early 1950s. In a detailed epilogue, Patricia shares stories of her own life and career in the days of crowded newsrooms, clattering typewriters, and overflowing cigarette trays.</subfield></datafield><datafield ind1=' ' ind2=' ' tag='542'><subfield code='a'>© National Library of Australia 2022</subfield></datafield><datafield ind1=' ' ind2=' ' tag='542'><subfield code='a'>Text © Patricia Clarke 2022</subfield></datafield><datafield ind1=' ' ind2=' ' tag='542'><subfield code='a'>Introduction © Amy Remeikis 2022</subfield></datafield><datafield ind1=' ' ind2='7' tag='650'><subfield code='a'>Society &amp; Social Sciences.</subfield><subfield code='2'>thema</subfield></datafield><datafield ind1=' ' ind2='0' tag='650'><subfield code='a'>Women journalists</subfield><subfield code='z'>Australia</subfield><subfield code='v'>Biography.</subfield></datafield><datafield ind1=' ' ind2='0' tag='650'><subfield code='a'>Women journalists</subfield><subfield code='z'>Australia</subfield><subfield code='x'>History.</subfield></datafield><datafield ind1=' ' ind2=' ' tag='653'><subfield code='a'>Australian history</subfield></datafield><datafield ind1=' ' ind2=' ' tag='653'><subfield code='a'>Australian</subfield></datafield><datafield ind1='1' ind2=' ' tag='700'><subfield code='a'>Remeikis, Amy,</subfield><subfield code='e'>writer of introduction.</subfield></datafield><datafield ind1='f' ind2='f' tag='999'><subfield code='i'>8f767d0c-eb03-5d2d-8c59-e7a7b4e9f560</subfield><subfield code='s'>2a7fef8a-5d34-55b0-bc71-2b74d84ecdea</subfield></datafield><datafield ind1='f' ind2='f' tag='952'><subfield code='a'>National Library of Australia</subfield><subfield code='b'>Parkes</subfield><subfield code='c'>Parkes</subfield><subfield code='d'>Main Reading Room (RUNN - Aust [Lakeside])</subfield><subfield code='e'>N 2022-4468</subfield><subfield code='h'>Other scheme</subfield><subfield code='i'>Monograph</subfield><subfield code='m'>62a2046c-cd21-53ce-af4f-198d08728eed</subfield><subfield code='z'>Holdings note: N pbk</subfield></datafield><datafield ind1='f' ind2='f' tag='952'><subfield code='a'>National Library of Australia</subfield><subfield code='b'>Parkes</subfield><subfield code='c'>Parkes</subfield><subfield code='d'>Main Reading Room (RUNN - Aust [Lakeside])</subfield><subfield code='e'>NL 2022-4471</subfield><subfield code='h'>Other scheme</subfield><subfield code='i'>Monograph</subfield><subfield code='m'>7846a6eb-6d96-535f-83da-da608e415f62</subfield><subfield code='z'>Holdings note: NL pbk</subfield></datafield></record>